@article{doi:10.1177/1938965521993083,
author = {Tarik Dogru and Makarand Mody and Nathan Line and Lydia Hanks and Courtney Suess and Mark Bonn},
title ={The Effect of Airbnb on Hotel Performance: Comparing Single- and Multi-Unit Host Listings in the United States},
journal = {Cornell Hospitality Quarterly},
volume = {63},
number = {3},
pages = {297-312},
year = {2022},
doi = {10.1177/1938965521993083},
URL = {https://doi.org/10.1177/1938965521993083},
eprint = {https://doi.org/10.1177/1938965521993083}
}

@article{doi:10.1177/00472875211042670,
author = {Yang Yang and Marta Nieto Garc√≠a and Giampaolo Viglia and Juan Luis Nicolau},
title ={Competitors or Complements: A Meta-analysis of the Effect of Airbnb on Hotel Performance},
journal = {Journal of Travel Research},
volume = {61},
number = {7},
pages = {1508-1527},
year = {2022},
doi = {10.1177/00472875211042670},
URL = { https://doi.org/10.1177/00472875211042670},
eprint = {https://doi.org/10.1177/00472875211042670}
}