@article{article,
author = {Hao, Bingyu},
year = {2023},
month = {05},
pages = {154-159},
title = {The Analysis of the Factors that Influence the Film Revenue},
volume = {47},
journal = {Highlights in Science, Engineering and Technology},
doi = {10.54097/hset.v47i.8184}
}

@inproceedings{inproceedings,
author = {Yongbin, Yang and Rongzhao, Ou},
year = {2013},
month = {11},
pages = {469-471},
title = {A study on the relationship among the leading actors, directors, and the box office income of a film â€” Based on multiple linear regression model},
isbn = {978-1-4799-0245-3},
doi = {10.1109/ICIII.2013.6702975}
}

@article{article,
author = {Kim, Ahyun and Trimi, Silvana and Lee, Sang Gun},
year = {2021},
month = {11},
pages = {},
title = {Exploring the key success factors of films: a survival analysis approach},
volume = {15},
journal = {Service Business},
doi = {10.1007/s11628-021-00460-x}
}